<record><leader>00000cas a22000007a 4500</leader><controlfield tag="001">23905493</controlfield><controlfield tag="008">910610d19771985ohuwr ne      0    0eng d</controlfield><datafield ind1=" " ind2=" " tag="010"><subfield code="a">sn 91069968 </subfield></datafield><datafield ind1=" " ind2=" " tag="040"><subfield code="a">ONP</subfield><subfield code="b">eng</subfield><subfield code="c">ONP</subfield><subfield code="d">OCLCQ</subfield></datafield><datafield ind1=" " ind2=" " tag="042"><subfield code="a">msc</subfield></datafield><datafield ind1="0" ind2=" " tag="130"><subfield code="a">Community journal (Cincinnati, Ohio : Northern ed.)</subfield></datafield><datafield ind1="1" ind2="0" tag="245"><subfield code="a">Community journal.</subfield></datafield><datafield ind1=" " ind2=" " tag="250"><subfield code="a">Northern ed.</subfield></datafield><datafield ind1=" " ind2=" " tag="260"><subfield code="a">Cincinnati, Ohio :</subfield><subfield code="b">Forest Hills Pub. Co.,</subfield><subfield code="c">1977-1985.</subfield></datafield><datafield ind1=" " ind2=" " tag="300"><subfield code="a">v.</subfield></datafield><datafield ind1=" " ind2=" " tag="310"><subfield code="a">Weekly</subfield></datafield><datafield ind1="0" ind2=" " tag="362"><subfield code="a">Vol. 8, no. 8 (Nov. 15, 1977)-v. 15, no. 30 (May 28, 1985).</subfield></datafield><datafield ind1=" " ind2=" " tag="752"><subfield code="a">United States</subfield><subfield code="b">Ohio</subfield><subfield code="c">Hamilton</subfield><subfield code="d">Cincinnati.</subfield></datafield><datafield ind1="0" ind2=" " tag="775"><subfield code="t">Community journal (Cincinnati, Ohio : Southern ed.)</subfield><subfield code="w">(DLC)sn 88077445</subfield></datafield><datafield ind1="0" ind2="0" tag="785"><subfield code="t">Community journal (Cincinnati, Ohio)</subfield><subfield code="w">(DLC)sn 88077416</subfield></datafield><datafield ind1="0" ind2="0" tag="785"><subfield code="t">Community journal north</subfield><subfield code="w">(DLC)sn 88077419</subfield></datafield></record>